@inproceedings{pang-lee-2005-seeing,
    title = "Seeing Stars: Exploiting Class Relationships for Sentiment Categorization with Respect to Rating Scales",
    author = "Pang, Bo  and
      Lee, Lillian",
    booktitle = "Proceedings of the 43rd Annual Meeting of the Association for Computational Linguistics ({ACL}{'}05)",
    month = jun,
    year = "2005",
    address = "Ann Arbor, Michigan",
    publisher = "Association for Computational Linguistics",
    url = "https://www.aclweb.org/anthology/P05-1015",
    doi = "10.3115/1219840.1219855",
    pages = "115--124",
}

@misc{devlin2019bert,
      title={BERT: Pre-training of Deep Bidirectional Transformers for Language Understanding}, 
      author={Jacob Devlin and Ming-Wei Chang and Kenton Lee and Kristina Toutanova},
      year={2019},
      eprint={1810.04805},
      archivePrefix={arXiv},
      primaryClass={cs.CL}
}